<collection xmlns="http://www.loc.gov/MARC21/slim">
<record>
  <leader>01734nam0a2200337 i 450 </leader>
  <controlfield tag="001">IT\ICCU\CNCE\020918</controlfield>
  <controlfield tag="005">20080623000000.0</controlfield>
  <datafield tag="012" ind1=" " ind2=" ">
    <subfield code="a">i?,e e.a. a.el Anmi (3) 1553 (R)</subfield>
    <subfield code="2">fei</subfield>
  </datafield>
  <datafield tag="100" ind1=" " ind2=" ">
    <subfield code="a">19970101d1553        0itac0103    ba</subfield>
  </datafield>
  <datafield tag="101" ind1=" " ind2=" ">
    <subfield code="a">ITA</subfield>
  </datafield>
  <datafield tag="102" ind1=" " ind2=" ">
    <subfield code="a">IT</subfield>
  </datafield>
  <datafield tag="200" ind1="1" ind2=" ">
    <subfield code="a">℗La ℗Capraria comedia di Gigio Arthemio rhodigino</subfield>
  </datafield>
  <datafield tag="210" ind1=" " ind2=" ">
    <subfield code="a">In Venetia</subfield>
    <subfield code="c">\Bartolomeo Cesano!</subfield>
    <subfield code="d">1553</subfield>
    <subfield code="e">In Venetia</subfield>
    <subfield code="g">per Bartolomeo Cesano</subfield>
    <subfield code="h">1553</subfield>
  </datafield>
  <datafield tag="215" ind1=" " ind2=" ">
    <subfield code="a">64 c.</subfield>
    <subfield code="d">8ʻ</subfield>
  </datafield>
  <datafield tag="620" ind1=" " ind2=" ">
    <subfield code="a">IT</subfield>
    <subfield code="d">Venezia</subfield>
  </datafield>
  <datafield tag="700" ind1=" " ind2="1">
    <subfield code="a">Giancarli,</subfield>
    <subfield code="b">Gigio Artemio</subfield>
    <subfield code="3">IT\ICCU\CNCA\006032</subfield>
  </datafield>
  <datafield tag="712" ind1="0" ind2="0">
    <subfield code="a">Cesano, Bartolomeo</subfield>
    <subfield code="3">IT\ICCU\CNCT\000074</subfield>
    <subfield code="4">650</subfield>
  </datafield>
  <datafield tag="790" ind1=" " ind2="1">
    <subfield code="a">Artemio,</subfield>
    <subfield code="b">Gigio</subfield>
    <subfield code="3">IT\ICCU\CNCA\006033</subfield>
    <subfield code="z">Giancarli, Gigio Artemio</subfield>
  </datafield>
  <datafield tag="791" ind1="0" ind2="0">
    <subfield code="a">Caesanus, Bartholomaeus</subfield>
    <subfield code="3">IT\ICCU\CNCT\003671</subfield>
    <subfield code="z">Cesano, Bartolomeo</subfield>
  </datafield>
  <datafield tag="801" ind1=" " ind2="3">
    <subfield code="a">IT</subfield>
    <subfield code="b">ICCU</subfield>
    <subfield code="c">20201114</subfield>
  </datafield>
  <datafield tag="899" ind1=" " ind2=" ">
    <subfield code="a">Biblioteca Livia Simoni. Museo teatrale alla Scala. Milano</subfield>
    <subfield code="1">MI0169</subfield>
    <subfield code="2">ZMI 16</subfield>
  </datafield>
  <datafield tag="899" ind1=" " ind2=" ">
    <subfield code="a">Biblioteca Estense Universitaria. Modena</subfield>
    <subfield code="1">MO0089</subfield>
    <subfield code="2">MOD BE</subfield>
  </datafield>
  <datafield tag="899" ind1=" " ind2=" ">
    <subfield code="a">Biblioteca comunale Passerini Landi. Piacenza</subfield>
    <subfield code="1">PC0030</subfield>
    <subfield code="2">PIA PL</subfield>
  </datafield>
  <datafield tag="899" ind1=" " ind2=" ">
    <subfield code="a">Biblioteca universitaria. Pisa</subfield>
    <subfield code="1">PI0112</subfield>
    <subfield code="2">PIS R1</subfield>
  </datafield>
  <datafield tag="899" ind1=" " ind2=" ">
    <subfield code="a">Biblioteca comunale Forteguerriana. Pistoia</subfield>
    <subfield code="1">PT0025</subfield>
    <subfield code="2">RT1 IE</subfield>
  </datafield>
  <datafield tag="899" ind1=" " ind2=" ">
    <subfield code="a">Biblioteca nazionale centrale. Roma</subfield>
    <subfield code="1">RM0267</subfield>
    <subfield code="2">BVE CR</subfield>
  </datafield>
  <datafield tag="899" ind1=" " ind2=" ">
    <subfield code="a">Biblioteca universitaria Alessandrina. Roma</subfield>
    <subfield code="1">RM0280</subfield>
    <subfield code="2">RML 01</subfield>
  </datafield>
  <datafield tag="899" ind1=" " ind2=" ">
    <subfield code="a">Biblioteca Storica di Ateneo &quot;Arturo Graf&quot;. Torino</subfield>
    <subfield code="1">TO0529</subfield>
    <subfield code="2">UTO 23</subfield>
  </datafield>
  <datafield tag="899" ind1=" " ind2=" ">
    <subfield code="a">Biblioteca nazionale Marciana. Venezia</subfield>
    <subfield code="1">VE0049</subfield>
    <subfield code="2">VEA BM</subfield>
  </datafield>
  <datafield tag="911" ind1=" " ind2=" ">
    <subfield code="a">Sul front.</subfield>
    <subfield code="9">IT\ICCU\CNCM\000332</subfield>
  </datafield>
  <datafield tag="921" ind1=" " ind2=" ">
    <subfield code="a">IT\ICCU\CNCM\000332</subfield>
    <subfield code="b">Fortezza (donna in piedi tiene sotto il braccio destro una colonna spezzata). In cornice ovale.</subfield>
    <subfield code="e">Fortitudo mea dominus.</subfield>
    <subfield code="c">Q18</subfield>
    <subfield code="c">Z566</subfield>
    <subfield code="d">Dimensioni: 5,2 x 6</subfield>
    <subfield code="f">COLONNA</subfield>
    <subfield code="f">DONNA</subfield>
    <subfield code="f">FORTEZZA</subfield>
    <subfield code="f">FORTITUDOM</subfield>
    <subfield code="g">1550-1595</subfield>
  </datafield>
</record>
</collection>
